
@article{knutsen2018Autocratic,
	title = {The Autocratic Welfare State: Old-Age Pensions, Credible Commitments, and Regime Survival},
	author = {Knutsen, Carl Henrik and Rasmussen, Magnus},
	year = {2018},
	month = {04},
	date = {2018-04},
	journal = {Comparative Political Studies},
	pages = {659--695},
	volume = {51},
	number = {5},
	doi = {10.1177/0010414017710265},
	url = {http://journals.sagepub.com/doi/10.1177/0010414017710265},
	langid = {en}
}

@article{skaaning2015Lexical,
	title = {A Lexical Index of Electoral Democracy},
	author = {Skaaning, Svend-Erik and Gerring, John and {Bartusevi{\v{c}}ius}, Henrikas},
	year = {2015},
	month = {10},
	date = {2015-10-01},
	journal = {Comparative Political Studies},
	pages = {1491--1525},
	volume = {48},
	number = {12},
	doi = {10.1177/0010414015581050},
	url = {https://doi.org/10.1177/0010414015581050},
	note = {Publisher: SAGE Publications Inc},
	langid = {en}
}

@article{boix2013Complete,
	title = {A Complete Data Set of Political Regimes, 1800{\textendash}2007},
	author = {Boix, Carles and Miller, Michael and Rosato, Sebastian},
	year = {2013},
	month = {12},
	date = {2013-12-01},
	journal = {Comparative Political Studies},
	pages = {1523--1554},
	volume = {46},
	number = {12},
	doi = {10.1177/0010414012463905},
	url = {https://doi.org/10.1177/0010414012463905},
	note = {Publisher: SAGE Publications Inc},
	langid = {en}
}

@article{geddes2014Autocratic,
	title = {Autocratic Breakdown and Regime Transitions: A New Data Set},
	author = {Geddes, Barbara and Wright, Joseph and Frantz, Erica},
	year = {2014},
	month = {06},
	date = {2014-06},
	journal = {Perspectives on Politics},
	pages = {313--331},
	volume = {12},
	number = {2},
	doi = {10.1017/S1537592714000851},
	url = {https://www.cambridge.org/core/product/identifier/S1537592714000851/type/journal_article},
	langid = {en}
}
